% refs.bib

@article{Potier2020,
  author  = {Potier, Simon and Lieuvin, Maxence and Pfaff, Maude and Kelber, Almut},
  title   = {How fast can raptors see?},
  journal = {Journal of Experimental Biology},
  year    = {2020},
  volume  = {223},
  number  = {1},
  pages   = {jeb209031},
  doi     = {10.1242/jeb.209031}
}

@article{Bostrom2016,
  author  = {Bostr{\"o}m, Jannika E. and Dimitrova, Marina and Canton, Cindy and H{\aa}stad, Olle and Qvarnstr{\"o}m, Anna and {\"O}deen, Anders},
  title   = {Ultra-Rapid Vision in Birds},
  journal = {PLOS ONE},
  year    = {2016},
  volume  = {11},
  number  = {3},
  pages   = {e0151099},
  doi     = {10.1371/journal.pone.0151099}
}

@article{SwordfishHeaters,
  author  = {Fritsches, Kerstin A. and Brill, Richard W. and Warrant, Eric J.},
  title   = {Warm Eyes Provide Superior Vision in Swordfishes},
  journal = {Current Biology},
  year    = {2005},
  volume  = {15},
  number  = {1},
  pages   = {55--58},
  doi     = {10.1016/j.cub.2004.12.064}
}

@article{DeLangeCSF,
  author  = {de Lange, Hendrik},
  title   = {Research into the Dynamic Nature of the Human Fovea--Cortex Systems with Intermittent and Modulated Light},
  journal = {Journal of the Optical Society of America},
  year    = {1958},
  volume  = {48},
  number  = {11},
  pages   = {777--784},
  note    = {Classical foundation for temporal contrast sensitivity}
}

@misc{WatsonTemporalCSF,
  author       = {Watson, Andrew B.},
  title        = {High Frame Rates and Human Vision: A View Through the Window of Visibility},
  howpublished = {NASA Technical Memorandum NASA/TM--2013--217413},
  year         = {2013},
  url          = {https://ntrs.nasa.gov/citations/20130011697},
  note         = {Overview of temporal sensitivity and visibility windows}
}

@article{Healy2013,
  author  = {Healy, Kevin and McNally, Luke and Ruxton, Graeme D. and Cooper, Natalie and Jackson, Andrew L.},
  title   = {Metabolic rate and body size are linked with perception of temporal information},
  journal = {Animal Behaviour},
  year    = {2013},
  volume  = {86},
  number  = {4},
  pages   = {685--696},
  doi     = {10.1016/j.anbehav.2013.06.018}
}

@article{Alerstam2007,
  author  = {Alerstam, Thomas and Ros{\'e}n, Mikael and B{\"a}ckman, Jonas and Ericson, Per G. P. and Hellgren, Olof},
  title   = {Flight Speeds among Bird Species: Allometric and Phylogenetic Effects},
  journal = {PLoS Biology},
  year    = {2007},
  volume  = {5},
  number  = {8},
  pages   = {e197},
  doi     = {10.1371/journal.pbio.0050197}
}

@misc{FishBaseSpeed,
  author = {Froese, R. and Pauly, D.},
  title  = {FishBase: A Global Information System on Fishes (speed and swimming data; accessed for species-level priors)},
  year   = {2025},
  note   = {Version 04/2025},
  url    = {https://www.fishbase.se}
}

@article{PigeonERG,
  author  = {Inger, Richard and Bennie, Jonathan and Davies, Thomas W. and Gaston, Kevin J.},
  title   = {Potential Biological and Ecological Effects of Flickering Artificial Light},
  journal = {PLOS ONE},
  year    = {2014},
  volume  = {9},
  number  = {5},
  pages   = {e98631},
  doi     = {10.1371/journal.pone.0098631},
  note    = {Contains cross-species CFF summaries including pigeons}
}

@article{InsectCFFReview,
  author  = {Lafitte, Ma{\"e}lle and Lazzari, Claudio R. and Rojas, Juan Carlos},
  title   = {Temporal resolution of insect vision: a systematic review and meta-analysis of critical flicker fusion frequency},
  journal = {PLOS ONE},
  year    = {2022},
  volume  = {17},
  number  = {9},
  pages   = {e0274456},
  doi     = {10.1371/journal.pone.0274456}
}